
@book{kocksdg,
	author = {Kock, Anders},
	title = {Synthetic Differential Geometry},
	year = {1981},
	publisher = {Cambridge University Press},
	edition = {2nd}
}

@book{lavendhommesdg,
	author = {Lavendhomme, Ren√©},
	title = {Basic Concepts of Synthetic Differential Geometry},
	year = {1996},
	publisher = {Springer Science+Business Media, B.V.}
}
